% Report-MainReferences.bib
% Simon Hulse
% simonhulse@protonmail.com
% Last Edited: Wed 27 Nov 2024 02:38:22 PM EST

@article{RN7,
   author = {Allard, P. and Helgstrand, M. and Hard, T.},
   title = {The complete homogeneous master equation for a heteronuclear two-spin system in the basis of Cartesian product operators},
   journal = {Journal of Magnetic Resonance},
   volume = {134},
   number = {1},
   pages = {7-16},
   ISSN = {1090-7807},
   DOI = {DOI 10.1006/jmre.1998.1509},
   url = {<Go to ISI>://WOS:000076275600002
https://ac.els-cdn.com/S1090780798915099/1-s2.0-S1090780798915099-main.pdf?_tid=3753a9fa-bd13-44b4-95a9-429a2df9cc4a&acdnat=1549979036_5da34dd0e5bd5f9f0abef3ee22db2bf5},
   year = {1998},
   type = {Journal Article}
}

@article{RN47,
   author = {Carr, H. Y. and Purcell, E. M.},
   title = {Effects of Diffusion on Free Precession in Nuclear Magnetic Resonance Experiments},
   journal = {Physical Review},
   volume = {94},
   number = {3},
   pages = {630-638},
   ISSN = {0031-899x},
   DOI = {DOI 10.1103/PhysRev.94.630},
   url = {<Go to ISI>://WOS:A1954UB48000018},
   year = {1954},
   type = {Journal Article}
}

@book{RN2,
   author = {Cavanagh, John and Fairbrother, Wayne J. and Palmer, I. I. I. Arthur G. and Skelton, Nicholas J. and Rance, Mark},
   title = {Protein NMR Spectroscopy : Principles and Practice},
   publisher = {Elsevier Science},
   address = {Burlington},
   ISBN = {9780080471037 008047103X},
   year = {2010},
   type = {Book}
}

@article{RN43,
   author = {Delaglio, F. and Grzesiek, S. and Vuister, G. W. and Zhu, G. and Pfeifer, J. and Bax, A.},
   title = {Nmrpipe - a Multidimensional Spectral Processing System Based on Unix Pipes},
   journal = {Journal of Biomolecular Nmr},
   volume = {6},
   number = {3},
   pages = {277-293},
   ISSN = {0925-2738},
   DOI = {Doi 10.1007/Bf00197809},
   url = {<Go to ISI>://WOS:A1995TH72500006
https://link.springer.com/content/pdf/10.1007%2FBF00197809.pdf},
   year = {1995},
   type = {Journal Article}
}

@article{RN14,
   author = {Fernandez, C. and Wider, G.},
   title = {TROSY in NMR studies of the structure and function of large biological macromolecules},
   journal = {Current Opinion in Structural Biology},
   volume = {13},
   number = {5},
   pages = {570-580},
   ISSN = {0959-440x},
   DOI = {10.1016/j.sbi.2003.09.009},
   url = {<Go to ISI>://WOS:000186317900006
https://ac.els-cdn.com/S0959440X03001428/1-s2.0-S0959440X03001428-main.pdf?_tid=1ae487b6-1383-4f15-b604-4ef834da15f9&acdnat=1552909489_739d80798a396d5a2623db84d6665bfd},
   year = {2003},
   type = {Journal Article}
}

@article{RN16,
   author = {Fiaux, J. and Bertelsen, E. B. and Horwich, A. L. and Wuthrich, K.},
   title = {NMR analysis of a 900K GroEL-GroES complex},
   journal = {Nature},
   volume = {418},
   number = {6894},
   pages = {207-211},
   ISSN = {0028-0836},
   DOI = {10.1038/nature00860},
   url = {<Go to ISI>://WOS:000176710400046
https://www.nature.com/articles/nature00860.pdf},
   year = {2002},
   type = {Journal Article}
}

@article{RN44,
   author = {Gardner, K. H. and Kay, L. E.},
   title = {Production and incorporation of N-15, C-13, H-2 (H-1-delta 1 methyl) isoleucine into proteins for multidimensional NMR studies},
   journal = {Journal of the American Chemical Society},
   volume = {119},
   number = {32},
   pages = {7599-7600},
   ISSN = {0002-7863},
   DOI = {DOI 10.1021/ja9706514},
   url = {<Go to ISI>://WOS:A1997XR11800032},
   year = {1997},
   type = {Journal Article}
}

@article{RN1,
   author = {Goldman, M.},
   title = {Formal theory of spin-lattice relaxation},
   journal = {Journal of Magnetic Resonance},
   volume = {149},
   number = {2},
   pages = {160-187},
   ISSN = {1090-7807},
   DOI = {10.1006/jmre.2000.2239},
   url = {<Go to ISI>://WOS:000168628200001
https://ac.els-cdn.com/S1090780700922390/1-s2.0-S1090780700922390-main.pdf?_tid=04a10a19-297f-48d5-ba3a-71d86f18460e&acdnat=1549977357_145e89f954c1fb315a4880d3e7cf2795},
   year = {2001},
   type = {Journal Article}
}

@article{RN4,
   author = {Hansen, D. F. and Vallurupalli, P. and Kay, L. E.},
   title = {Measurement of Methyl Group Motional Parameters of Invisible, Excited Protein States by NMR Spectroscopy},
   journal = {Journal of the American Chemical Society},
   volume = {131},
   number = {35},
   pages = {12745-12754},
   ISSN = {0002-7863},
   DOI = {10.1021/ja903897e},
   url = {<Go to ISI>://WOS:000269735800050
https://pubs.acs.org/doi/pdf/10.1021/ja903897e},
   year = {2009},
   type = {Journal Article}
}

@article{RN38,
   author = {Havel, T. F. and Wuthrich, K.},
   title = {An Evaluation of the Combined Use of Nuclear Magnetic-Resonance and Distance Geometry for the Determination of Protein Conformations in Solution},
   journal = {Journal of Molecular Biology},
   volume = {182},
   number = {2},
   pages = {281-294},
   ISSN = {0022-2836},
   DOI = {Doi 10.1016/0022-2836(85)90346-8},
   url = {<Go to ISI>://WOS:A1985AFQ7500010
https://www.sciencedirect.com/science/article/pii/0022283685903468?via%3Dihub},
   year = {1985},
   type = {Journal Article}
}

@book{RN39,
   author = {Hore, P. J. and Jones, J. A. and Wimperis, Stephen},
   title = {NMR : the toolkit : how pulse sequences work},
   publisher = {Oxford University Press},
   address = {Oxford},
   edition = {Second edition.},
   series = {Oxford chemistry primers},
   pages = {xii, 120 pages},
   ISBN = {9780198703426
0198703422},
   year = {2015},
   type = {Book}
}

@article{RN19,
   author = {Imiolek, M. and Karunanithy, G. and Ng, W. L. and Baldwin, A. J. and Gouverneur, V. and Davis, B. G.},
   title = {Selective Radical Trifluoromethylation of Native Residues in Proteins},
   journal = {Journal of the American Chemical Society},
   volume = {140},
   number = {5},
   pages = {1568-1571},
   ISSN = {0002-7863},
   DOI = {10.1021/jacs.7b10230},
   url = {<Go to ISI>://WOS:000424851500001
https://pubs.acs.org/doi/pdfplus/10.1021/jacs.7b10230},
   year = {2018},
   type = {Journal Article}
}

@article{RN51,
   author = {Johnson, C. S.},
   title = {Diffusion ordered nuclear magnetic resonance spectroscopy: principles and applications},
   journal = {Progress in Nuclear Magnetic Resonance Spectroscopy},
   volume = {34},
   number = {3-4},
   pages = {203-256},
   ISSN = {0079-6565},
   DOI = {Doi 10.1016/S0079-6565(99)00003-5},
   url = {<Go to ISI>://WOS:000080073000001},
   year = {1999},
   type = {Journal Article}
}

@article{RN56,
   author = {Karunanithy, G. and Cnossen, A. and Muller, H. and Peeks, M. D. and Rees, N. H. and Claridge, T. D. W. and Anderson, H. L. and Baldwin, A. J.},
   title = {Harnessing NMR relaxation interference effects to characterise supramolecular assemblies},
   journal = {Chemical Communications},
   volume = {52},
   number = {47},
   pages = {7450-7453},
   ISSN = {1359-7345},
   DOI = {10.1039/c6cc02544g},
   url = {<Go to ISI>://WOS:000378003800004},
   year = {2016},
   type = {Journal Article}
}

@article{RN22,
   author = {Kay, L. E.},
   title = {Solution NMR spectroscopy of supra-molecular systems, why bother? A methyl-TROSY view},
   journal = {Journal of Magnetic Resonance},
   volume = {210},
   number = {2},
   pages = {159-170},
   ISSN = {1090-7807},
   DOI = {10.1016/j.jmr.2011.03.008},
   url = {<Go to ISI>://WOS:000290921900001
https://www.sciencedirect.com/science/article/pii/S1090780711000917?via%3Dihub},
   year = {2011},
   type = {Journal Article}
}

@article{RN9,
   author = {Kay, L. E. and Bull, T. E.},
   title = {Heteronuclear Transverse Relaxation in Amx, Ax(2), and Ax(3) Spin Systems},
   journal = {Journal of Magnetic Resonance},
   volume = {99},
   number = {3},
   pages = {615-622},
   ISSN = {0022-2364},
   DOI = {Doi 10.1016/0022-2364(92)90218-V},
   url = {<Go to ISI>://WOS:A1992JU67700017
https://ac.els-cdn.com/002223649290218V/1-s2.0-002223649290218V-main.pdf?_tid=04a1005b-e5ab-4485-a204-5d0225986fea&acdnat=1549979028_e53f4280b793f1d1123e9205f55f3ca9},
   year = {1992},
   type = {Journal Article}
}

@article{RN3,
   author = {Kontaxis, G. and Bax, A.},
   title = {Multiplet component separation for measurement of methyl C-13-H-1 dipolar couplings in weakly aligned proteins},
   journal = {Journal of Biomolecular Nmr},
   volume = {20},
   number = {1},
   pages = {77-82},
   ISSN = {0925-2738},
   DOI = {Doi 10.1023/A:1011280529850},
   url = {<Go to ISI>://WOS:000168669300010
https://link.springer.com/content/pdf/10.1023%2FA%3A1011280529850.pdf},
   year = {2001},
   type = {Journal Article}
}

@book{RN40,
   author = {Kowalewski, Jozef and Mäler, Lena},
   title = {Nuclear spin relaxation in liquids : theory, experiments, and applications},
   publisher = {CRC Press, Taylor \& Francis Group},
   address = {Boca Raton},
   edition = {Second edition.},
   pages = {xiii, 372 pages},
   ISBN = {9781498782142
1498782140},
   year = {2018},
   type = {Book}
}

@article{RN11,
   author = {Kuchel, P. W. and Pages, G. and Nagashima, K. and Velan, S. and Vijayaragavan, V. and Nagarajan, V. and Chuang, K. H.},
   title = {Stejskal-tanner equation derived in full},
   journal = {Concepts in Magnetic Resonance Part A},
   volume = {40a},
   number = {5},
   pages = {205-214},
   ISSN = {1546-6086},
   DOI = {10.1002/cmr.a.21241},
   url = {<Go to ISI>://WOS:000309242800001
https://onlinelibrary.wiley.com/doi/pdf/10.1002/cmr.a.21241},
   year = {2012},
   type = {Journal Article}
}

@article{RN55,
   author = {Leung, R. L. C. and Robinson, M. D. M. and Ajabali, A. A. A. and Karunanithy, G. and Lyons, B. and Raj, R. and Raoufmoghaddam, S. and Mohammed, S. and Claridge, T. D. W. and Baldwin, A. J. and Davis, B. G.},
   title = {Monitoring the Disassembly of Virus-like Particles by F-19-NMR},
   journal = {Journal of the American Chemical Society},
   volume = {139},
   number = {15},
   pages = {5277-5280},
   ISSN = {0002-7863},
   DOI = {10.1021/jacs.6b11040},
   url = {<Go to ISI>://WOS:000399966000002},
   year = {2017},
   type = {Journal Article}
}

@book{RN6,
   author = {Levitt, Malcolm H.},
   title = {Spin dynamics : basics of nuclear magnetic resonance},
   publisher = {Wiley},
   address = {Chichester},
   ISBN = {9780470511176 0470511176 9780470511183 0470511184},
   year = {2015},
   type = {Book}
}

@article{RN31,
   author = {Lipari, G. and Szabo, A.},
   title = {Model-Free Approach to the Interpretation of Nuclear Magnetic-Resonance Relaxation in Macromolecules .1. Theory and Range of Validity},
   journal = {Journal of the American Chemical Society},
   volume = {104},
   number = {17},
   pages = {4546-4559},
   ISSN = {0002-7863},
   DOI = {DOI 10.1021/ja00381a009},
   url = {<Go to ISI>://WOS:A1982PC82900009
https://pubs.acs.org/doi/pdfplus/10.1021/ja00381a009},
   year = {1982},
   type = {Journal Article}
}

@article{RN48,
   author = {Meiboom, S. and Gill, D.},
   title = {Modified Spin-Echo Method for Measuring Nuclear Relaxation Times},
   journal = {Review of Scientific Instruments},
   volume = {29},
   number = {8},
   pages = {688-691},
   ISSN = {0034-6748},
   DOI = {Doi 10.1063/1.1716296},
   url = {<Go to ISI>://WOS:A1958WH51500003},
   year = {1958},
   type = {Journal Article}
}

@article{RN54,
   author = {Morris, G. A. and Freeman, R.},
   title = {Enhancement of Nuclear Magnetic-Resonance Signals by Polarization Transfer},
   journal = {Journal of the American Chemical Society},
   volume = {101},
   number = {3},
   pages = {760-762},
   ISSN = {0002-7863},
   DOI = {DOI 10.1021/ja00497a058},
   url = {<Go to ISI>://WOS:A1979GG10900058},
   year = {1979},
   type = {Journal Article}
}

@article{RN37,
   author = {Ollerenshaw, J. E. and Tugarinov, V. and Kay, L. E.},
   title = {Methyl TROSY: explanation and experimental verification},
   journal = {Magnetic Resonance in Chemistry},
   volume = {41},
   number = {10},
   pages = {843-852},
   ISSN = {0749-1581},
   DOI = {10.1002/mrc.1256},
   url = {<Go to ISI>://WOS:000185662200015
https://onlinelibrary.wiley.com/doi/pdf/10.1002/mrc.1256},
   year = {2003},
   type = {Journal Article}
}

@article{RN15,
   author = {Pervushin, K. and Riek, R. and Wider, G. and Wuthrich, K.},
   title = {Attenuated T-2 relaxation by mutual cancellation of dipole-dipole coupling and chemical shift anisotropy indicates an avenue to NMR structures of very large biological macromolecules in solution},
   journal = {Proceedings of the National Academy of Sciences of the United States of America},
   volume = {94},
   number = {23},
   pages = {12366-12371},
   ISSN = {0027-8424},
   DOI = {DOI 10.1073/pnas.94.23.12366},
   url = {<Go to ISI>://WOS:A1997YF39300024
https://www.ncbi.nlm.nih.gov/pmc/articles/PMC24947/pdf/pq012366.pdf},
   year = {1997},
   type = {Journal Article}
}

@article{RN13,
   author = {Redfield, A. G.},
   title = {On the Theory of Relaxation Processes},
   journal = {Ibm Journal of Research and Development},
   volume = {1},
   number = {1},
   pages = {19-31},
   ISSN = {0018-8646},
   DOI = {DOI 10.1147/rd.11.0019},
   url = {<Go to ISI>://WOS:A1957WY29200003
https://ieeexplore.ieee.org/ielx5/5288520/5392709/05392713.pdf?tp=&arnumber=5392713&isnumber=5392709},
   year = {1957},
   type = {Journal Article}
}

@article{RN35,
   author = {Religa, T. L. and Sprangers, R. and Kay, L. E.},
   title = {Dynamic Regulation of Archaeal Proteasome Gate Opening As Studied by TROSY NMR},
   journal = {Science},
   volume = {328},
   number = {5974},
   pages = {98-102},
   ISSN = {0036-8075},
   DOI = {10.1126/science.1184991},
   url = {<Go to ISI>://WOS:000276202200044
https://science.sciencemag.org/content/sci/328/5974/98.full.pdf},
   year = {2010},
   type = {Journal Article}
}

@article{RN36,
   author = {Rosenzweig, R. and Moradi, S. and Zarrine-Afsar, A. and Glover, J. R. and Kay, L. E.},
   title = {Unraveling the Mechanism of Protein Disaggregation Through a ClpB-DnaK Interaction},
   journal = {Science},
   volume = {339},
   number = {6123},
   pages = {1080-1083},
   ISSN = {0036-8075},
   DOI = {10.1126/science.1233066},
   url = {<Go to ISI>://WOS:000315452000043
https://science.sciencemag.org/content/sci/339/6123/1080.full.pdf},
   year = {2013},
   type = {Journal Article}
}

@article{RN42,
   author = {Stejskal, E. O. and Tanner, J. E.},
   title = {Spin Diffusion Measurements: Spin Echoes in the Presence of a Time-Dependent Field Gradient},
   journal = {Journal of Chemical Physics},
   volume = {42},
   number = {1},
   pages = {288-+},
   ISSN = {0021-9606},
   DOI = {Doi 10.1063/1.1695690},
   url = {<Go to ISI>://WOS:A19656099500051
https://aip.scitation.org/doi/pdf/10.1063/1.1695690},
   year = {1965},
   type = {Journal Article}
}

@article{RN49,
   author = {Takayama, Y. and Sahu, D. and Iwahara, J.},
   title = {Observing in-phase single-quantum N-15 multiplets for NH2/NH3+ groups with two-dimensional heteronuclear correlation spectroscopy},
   journal = {Journal of Magnetic Resonance},
   volume = {194},
   number = {2},
   pages = {313-316},
   ISSN = {1090-7807},
   DOI = {10.1016/j.jmr.2008.07.018},
   url = {<Go to ISI>://WOS:000259952000020},
   year = {2008},
   type = {Journal Article}
}

@article{RN17,
   author = {Tugarinov, V. and Hwang, P. M. and Ollerenshaw, J. E. and Kay, L. E.},
   title = {Cross-correlated relaxation enhanced H-1-C-13 NMR spectroscopy of methyl groups in very high molecular weight proteins and protein complexes},
   journal = {Journal of the American Chemical Society},
   volume = {125},
   number = {34},
   pages = {10420-10428},
   ISSN = {0002-7863},
   DOI = {10.1021/ja030153x},
   url = {<Go to ISI>://WOS:000184919600050
https://pubs.acs.org/doi/pdfplus/10.1021/ja030153x},
   year = {2003},
   type = {Journal Article}
}

@article{RN45,
   author = {Tugarinov, V. and Kay, L. E.},
   title = {An isotope labeling strategy for methyl TROSY spectroscopy},
   journal = {Journal of Biomolecular Nmr},
   volume = {28},
   number = {2},
   pages = {165-172},
   ISSN = {0925-2738},
   DOI = {DOI 10.1023/B:JNMR.0000013824.93994.1f},
   url = {<Go to ISI>://WOS:000189177600006
https://link.springer.com/content/pdf/10.1023%2FB%3AJNMR.0000013824.93994.1f.pdf},
   year = {2004},
   type = {Journal Article}
}

@article{RN33,
   author = {Tugarinov, V. and Kay, L. E.},
   title = {Methyl groups as probes of structure and dynamics in NMR studies of high-molecular-weight proteins},
   journal = {Chembiochem},
   volume = {6},
   number = {9},
   pages = {1567-+},
   ISSN = {1439-4227},
   DOI = {10.1002/cbic.200500110},
   url = {<Go to ISI>://WOS:000231769700007
https://onlinelibrary.wiley.com/doi/pdf/10.1002/cbic.200500110},
   year = {2005},
   type = {Journal Article}
}

@article{RN50,
   author = {Tugarinov, V. and Scheurer, C. and Bruschweiler, R. and Kay, L. E.},
   title = {Estimates of methyl C-13 and H-1 CSA values (Delta sigma) in proteins from cross-correlated spin relaxation},
   journal = {Journal of Biomolecular Nmr},
   volume = {30},
   number = {4},
   pages = {397-406},
   ISSN = {0925-2738},
   DOI = {DOI 10.1007/s10858-004-4349-x},
   url = {<Go to ISI>://WOS:000226179500002
https://link.springer.com/content/pdf/10.1007%2Fs10858-004-4349-x.pdf},
   year = {2004},
   type = {Journal Article}
}

@article{RN52,
   author = {Volk, A. and Kahler, C. J.},
   title = {Density model for aqueous glycerol solutions Andreas},
   journal = {Experiments in Fluids},
   volume = {59},
   number = {5},
   ISSN = {0723-4864},
   DOI = {ARTN 75
10.1007/s00348-018-2527-y},
   url = {<Go to ISI>://WOS:000431758800001},
   year = {2018},
   type = {Journal Article}
}

@article{RN23,
   author = {Wangsness, R. K. and Bloch, F.},
   title = {The Dynamical Theory of Nuclear Induction},
   journal = {Physical Review},
   volume = {89},
   number = {4},
   pages = {728-739},
   ISSN = {0031-899x},
   DOI = {DOI 10.1103/PhysRev.89.728},
   url = {<Go to ISI>://WOS:A1953UB45100011
https://journals.aps.org/pr/pdf/10.1103/PhysRev.89.728},
   year = {1953},
   type = {Journal Article}
}

@article{RN41,
   author = {Werbelow, L. G.},
   title = {Nmr Dynamic Frequency-Shifts and the Quadrupolar Interaction},
   journal = {Journal of Chemical Physics},
   volume = {70},
   number = {12},
   pages = {5381-5383},
   ISSN = {0021-9606},
   DOI = {Doi 10.1063/1.437471},
   url = {<Go to ISI>://WOS:A1979HB91500007
https://aip.scitation.org/doi/pdf/10.1063/1.437471},
   year = {1979},
   type = {Journal Article}
}

@article{RN53,
   author = {Woessner, D. E.},
   title = {Nuclear Spin Relaxation in Ellipsoids Undergoing Rotational Brownian Motion},
   journal = {Journal of Chemical Physics},
   volume = {37},
   number = {3},
   pages = {647-654},
   ISSN = {0021-9606},
   DOI = {Doi 10.1063/1.1701390},
   url = {<Go to ISI>://WOS:A19624141B00048
https://aip.scitation.org/doi/pdf/10.1063/1.1701390},
   year = {1962},
   type = {Journal Article}
}

@article{RN32,
   author = {Woessner, D. E.},
   title = {Spin Relaxation Processes in a 2-Proton System Undergoing Anisotropic Reorientation},
   journal = {Journal of Chemical Physics},
   volume = {36},
   number = {1},
   pages = {1-4},
   ISSN = {0021-9606},
   DOI = {Doi 10.1063/1.1732274},
   url = {<Go to ISI>://WOS:A19624124B00054
https://aip.scitation.org/doi/pdf/10.1063/1.1732274},
   year = {1962},
   type = {Journal Article}
}

